@article{konstan2012recommender,
  title={Recommender systems: from algorithms to user experience},
  author={Konstan, Joseph A and Riedl, John},
  journal={User modeling and user-adapted interaction},
  volume={22},
  number={1},
  pages={101--123},
  year={2012},
  publisher={Springer}
}
@inproceedings{pu2011user,
  title={A user-centric evaluation framework for recommender systems},
  author={Pu, Pearl and Chen, Li and Hu, Rong},
  booktitle={Proceedings of the fifth ACM conference on Recommender systems},
  pages={157--164},
  year={2011}
}

@article{jannach2019measuring,
  title={Measuring the business value of recommender systems},
  author={Jannach, Dietmar and Jugovac, Michael},
  journal={ACM Transactions on Management Information Systems (TMIS)},
  volume={10},
  number={4},
  pages={1--23},
  year={2019},
  publisher={ACM New York, NY, USA}
}

@inproceedings{brovman2016optimizing,
  title={Optimizing similar item recommendations in a semi-structured marketplace to maximize conversion},
  author={Brovman, Yuri M and Jacob, Marie and Srinivasan, Natraj and Neola, Stephen and Galron, Daniel and Snyder, Ryan and Wang, Paul},
  booktitle={Proceedings of the 10th ACM Conference on Recommender Systems},
  pages={199--202},
  year={2016}
}


@article{lee2014impact,
  title={Impact of recommender systems on sales volume and diversity},
  author={Lee, Dokyun and Hosanagar, Kartik},
  year={2014},
  journal={.},
  publisher={Citeseer}
}

@article{wang2014intelligent,
  title={Intelligent fashion recommender system: Fuzzy logic in personalized garment design},
  author={Wang, LC and Zeng, XY and Koehl, Ludovic and Chen, Yan},
  journal={IEEE Transactions on Human-Machine Systems},
  volume={45},
  number={1},
  pages={95--109},
  year={2014},
  publisher={IEEE}
}

@article{dong2020interactive,
  title={An interactive knowledge-based recommender system for fashion product design in the big data environment},
  author={Dong, Min and Zeng, Xianyi and Koehl, Ludovic and Zhang, Junjie},
  journal={Information Sciences},
  volume={540},
  pages={469--488},
  year={2020},
  publisher={Elsevier}
}

@inproceedings{zeng2013intelligent,
  title={An intelligent recommender system for personalized fashion design},
  author={Zeng, Xianyi and Koehl, Ludovic and Wang, Lichuan and Chen, Yan},
  booktitle={2013 Joint IFSA World Congress and NAFIPS Annual Meeting (IFSA/NAFIPS)},
  pages={760--765},
  year={2013},
  organization={IEEE}
}


@inproceedings{kang2017visually,
  title={Visually-aware fashion recommendation and design with generative image models},
  author={Kang, Wang-Cheng and Fang, Chen and Wang, Zhaowen and McAuley, Julian},
  booktitle={2017 IEEE International Conference on Data Mining (ICDM)},
  pages={207--216},
  year={2017},
  organization={IEEE}
}

@inproceedings{wakita2015fashion,
  title={A fashion-brand recommender system using brand association rules and features},
  author={Wakita, Yuka and Oku, Kenta and Huang, Hung-Hsuan and Kawagoe, Kyoji},
  booktitle={2015 IIAI 4th International Congress on Advanced Applied Informatics},
  pages={719--720},
  year={2015},
  organization={IEEE}
}

@inproceedings{frejlichowski2016finding,
  title={Finding similar clothes based on semantic description for the purpose of fashion recommender system},
  author={Frejlichowski, Dariusz and Czapiewski, Piotr and Hofman, Rados{\l}aw},
  booktitle={Asian Conference on Intelligent Information and Database Systems},
  pages={13--22},
  year={2016},
  organization={Springer}
}

@inproceedings{he2016ups,
  title={Ups and downs: Modeling the visual evolution of fashion trends with one-class collaborative filtering},
  author={He, Ruining and McAuley, Julian},
  booktitle={proceedings of the 25th international conference on world wide web},
  pages={507--517},
  year={2016}
}

@article{burke2011recommender,
  title={Recommender systems: An overview},
  author={Burke, Robin and Felfernig, Alexander and G{\"o}ker, Mehmet H},
  journal={Ai Magazine},
  volume={32},
  number={3},
  pages={13--18},
  year={2011}
}
@misc{farfetchfashionrecommendationschallenge2021,
  author={Farfetch},
  url={https://www.ffrecschallenge.com/ecmlpkdd2021/},
  journal={Ffrecschallenge.com},
  year={2021}}
@inproceedings{koren2008factorization,
  title={Factorization meets the neighborhood: a multifaceted collaborative filtering model},
  author={Koren, Yehuda},
  booktitle={Proceedings of the 14th ACM SIGKDD international conference on Knowledge discovery and data mining},
  pages={426--434},
  year={2008}
}



@inproceedings{he2017neural,
  title={Neural collaborative filtering},
  author={He, Xiangnan and Liao, Lizi and Zhang, Hanwang and Nie, Liqiang and Hu, Xia and Chua, Tat-Seng},
  booktitle={Proceedings of the 26th international conference on world wide web},
  pages={173--182},
  year={2017}
}

@incollection{khusro2016recommender,
  title={Recommender systems: issues, challenges, and research opportunities},
  author={Khusro, Shah and Ali, Zafar and Ullah, Irfan},
  booktitle={Information Science and Applications (ICISA) 2016},
  pages={1179--1189},
  year={2016},
  publisher={Springer}
}
  

@article{crane2018questionable,
  title={Questionable answers in question answering research: Reproducibility and variability of published results},
  author={Crane, Matt},
  journal={Transactions of the Association for Computational Linguistics},
  volume={6},
  pages={241--252},
  year={2018},
  publisher={MIT Press}
}

@inproceedings{dacrema2019we,
  title={Are we really making much progress? A worrying analysis of recent neural recommendation approaches},
  author={Dacrema, Maurizio Ferrari and Cremonesi, Paolo and Jannach, Dietmar},
  booktitle={Proceedings of the 13th ACM Conference on Recommender Systems},
  pages={101--109},
  year={2019}
}

@incollection{nguyen2014learning,
  title={Learning to rank for personalised fashion recommender systems via implicit feedback},
  author={Nguyen, Hai Thanh and Almenningen, Thomas and Havig, Martin and Schistad, Herman and Kofod-Petersen, Anders and Langseth, Helge and Ramampiaro, Heri},
  booktitle={Mining Intelligence and Knowledge Exploration},
  pages={51--61},
  year={2014},
  publisher={Springer}
}


@inproceedings{hu2015collaborative,
  title={Collaborative fashion recommendation: A functional tensor factorization approach},
  author={Hu, Yang and Yi, Xi and Davis, Larry S},
  booktitle={Proceedings of the 23rd ACM international conference on Multimedia},
  pages={129--138},
  year={2015}
}

